% =================================================================
% LITERATUR AUS DEM EXPOSÉ - HAUPTREFERENZEN
% =================================================================

@report{GlobalRisksReport2024,
    author       = {{World Economic Forum}},
    year         = {2024},
    title        = {Global Risks Report 2024},
    institution  = {World Economic Forum},
    url          = {https://www.weforum.org/publications/global-risks-report-2024/},
    urldate      = {2025-03-29}
}

@article{Taman2024,
    author       = {Taman, D.},
    year         = {2024},
    title        = {Impacts of Financial Cybercrime on Institutions and Companies},
    journaltitle = {Arab Journal of Arts and Humanities},
    volume       = {8},
    number       = {30},
    pages        = {477--488},
    doi          = {10.21608/ajahs.2024.341707}
}

@article{Ring2019,
    author       = {Ring, M. and Wunderlich, S. and Scheuring, D. and Landes, D. and Hotho, A.},
    year         = {2019},
    title        = {A Survey of Network-based Intrusion Detection Data Sets},
    journaltitle = {Computers \& Security},
    volume       = {86},
    pages        = {147--167},
    doi          = {10.1016/j.cose.2019.06.005}
}

@article{Vinayakumar2019,
    author       = {Vinayakumar, R. and Alazab, M. and Soman, K. P. and Poornachandran, P. and Al-Nemrat, A. and Venkatraman, S.},
    year         = {2019},
    title        = {Deep Learning Approach for Intelligent Intrusion Detection System},
    journaltitle = {IEEE Access},
    volume       = {7},
    pages        = {41525--41550},
    doi          = {10.1109/ACCESS.2019.2895334}
}

@article{Belavagi2016,
    author       = {Belavagi, M. C. and Muniyal, B.},
    year         = {2016},
    title        = {Performance Evaluation of Supervised Machine Learning Algorithms for Intrusion Detection},
    journaltitle = {Procedia Computer Science},
    volume       = {89},
    pages        = {117--123},
    doi          = {10.1016/j.procs.2016.06.016}
}

@inproceedings{Zhou2020,
    author       = {Zhou, Y. and Cheng, G. and Jiang, S. and Dai, M.},
    year         = {2020},
    title        = {Building an efficient intrusion detection system based on feature selection and ensemble classifier},
    booktitle    = {Computer Networks},
    volume       = {174},
    pages        = {107247},
    doi          = {10.1016/j.comnet.2020.107247}
}

@inproceedings{Aksu2018,
    author       = {Aksu, D. and Ali Aydin, M.},
    year         = {2018},
    title        = {Detecting Port Scan Attempts with Comparative Analysis of Deep Learning and Support Vector Machine Algorithms},
    booktitle    = {2018 International Congress on Big Data, Deep Learning and Fighting Cyber Terrorism (IBIGDELFT)},
    pages        = {77--80},
    doi          = {10.1109/IBIGDELFT.2018.8625370}
}

@article{Tavallaee2009,
    author       = {Tavallaee, M. and Bagheri, E. and Lu, W. and Ghorbani, A. A.},
    year         = {2009},
    title        = {A detailed analysis of the KDD CUP 99 data set},
    booktitle    = {2009 IEEE Symposium on Computational Intelligence for Security and Defense Applications},
    pages        = {1--6},
    doi          = {10.1109/CISDA.2009.5356528}
}

@article{Sharafaldin2018,
    author       = {Sharafaldin, I. and Habibi Lashkari, A. and Ghorbani, A. A.},
    year         = {2018},
    title        = {Toward Generating a New Intrusion Detection Dataset and Intrusion Traffic Characterization},
    booktitle    = {Proceedings of the 4th International Conference on Information Systems Security and Privacy},
    pages        = {108--116},
    doi          = {10.5220/0006639801080116}
}

@article{McHugh2000,
    author       = {McHugh, J.},
    year         = {2000},
    title        = {Testing Intrusion detection systems: A critique of the 1998 and 1999 DARPA intrusion detection system evaluations as performed by Lincoln Laboratory},
    journaltitle = {ACM Transactions on Information and System Security},
    volume       = {3},
    number       = {4},
    pages        = {262--294},
    doi          = {10.1145/382912.382923}
}

@inproceedings{Gharib2016,
    author       = {Gharib, A. and Sharafaldin, I. and Lashkari, A. H. and Ghorbani, A. A.},
    year         = {2016},
    title        = {An Evaluation Framework for Intrusion Detection Dataset},
    booktitle    = {2016 International Conference on Information Science and Security (ICISS)},
    pages        = {1--6},
    doi          = {10.1109/ICISSEC.2016.7885840}
}

@misc{Mourouzis2021,
    author       = {Mourouzis, T. and Avgousti, A.},
    year         = {2021},
    title        = {Intrusion Detection with Machine Learning Using Open-Sourced Datasets},
    howpublished = {arXiv preprint},
    doi          = {10.48550/ARXIV.2107.12621},
    url          = {https://arxiv.org/abs/2107.12621}
}

% =================================================================
% DATENSÄTZE UND ONLINE-QUELLEN
% =================================================================

@misc{NSLKDD2024,
    author       = {{Canadian Institute for Cybersecurity}},
    title        = {NSL-KDD | Datasets | Research | Canadian Institute for Cybersecurity | UNB},
    year         = {2024},
    url          = {https://www.unb.ca/cic/datasets/nsl.html},
    urldate      = {2025-03-29}
}

@misc{CICIDS2017,
    author       = {{Canadian Institute for Cybersecurity}}, 
    title        = {IDS 2017 | Datasets | Research | Canadian Institute for Cybersecurity | UNB},
    year         = {2024},
    url          = {https://www.unb.ca/cic/datasets/ids-2017.html},
    urldate      = {2025-03-29}
}

% =================================================================
% ZUSÄTZLICHE MACHINE LEARNING REFERENZEN
% =================================================================

@book{Goodfellow2016,
    author       = {Goodfellow, I. and Bengio, Y. and Courville, A.},
    year         = {2016},
    title        = {Deep Learning},
    publisher    = {MIT Press},
    location     = {Cambridge, MA}
}

@book{Bishop2006,
    author       = {Bishop, C. M.},
    year         = {2006},
    title        = {Pattern Recognition and Machine Learning},
    publisher    = {Springer},
    location     = {New York}
}

@book{Hastie2009,
    author       = {Hastie, T. and Tibshirani, R. and Friedman, J.},
    year         = {2009},
    title        = {The Elements of Statistical Learning: Data Mining, Inference, and Prediction},
    edition      = {2},
    publisher    = {Springer},
    location     = {New York}
}

@article{Kingma2015,
    author       = {Kingma, D. P. and Ba, J.},
    year         = {2015},
    title        = {Adam: A Method for Stochastic Optimization},
    journaltitle = {ICLR},
    url          = {https://arxiv.org/abs/1412.6980}
}

@article{Platt1999,
    author       = {Platt, J.},
    year         = {1999},
    title        = {Probabilistic Outputs for Support Vector Machines},
    journaltitle = {Advances in Large Margin Classifiers},
    pages        = {61--74},
    publisher    = {MIT Press}
}
